@inproceedings{DBLP:conf/sigmod/SidirourgosK13,
  author    = {Lefteris Sidirourgos and
               Martin L. Kersten},
  title     = {Column imprints: a secondary index structure},
  booktitle = {Proceedings of the {ACM} {SIGMOD} International Conference on Management
               of Data, {SIGMOD} 2013, New York, NY, USA, June 22-27, 2013},
  pages     = {893--904},
  year      = {2013},
  doi       = {10.1145/2463676.2465306},
}

@inproceedings{Polychroniou:2014:VBF:2619228.2619234,
 author = {Polychroniou, Orestis and Ross, Kenneth A.},
 title = {Vectorized Bloom Filters for Advanced SIMD Processors},
 booktitle = {Proceedings of the Tenth International Workshop on Data Management on New Hardware},
 series = {DaMoN '14},
 year = {2014},
 location = {Snowbird, Utah},
 pages = {6:1--6:6},
 doi = {10.1145/2619228.2619234},
}

@inproceedings{Polychroniou:2015:RSV:2723372.2747645,
 author = {Polychroniou, Orestis and Raghavan, Arun and Ross, Kenneth A.},
 title = {Rethinking SIMD Vectorization for In-Memory Databases},
 booktitle = {Proceedings of the 2015 ACM SIGMOD International Conference on Management of Data},
 series = {SIGMOD '15},
 year = {2015},
 location = {Melbourne, Victoria, Australia},
 pages = {1493--1508},
 doi = {10.1145/2723372.2747645},
}

@inproceedings{Li:2013:BFS:2463676.2465322,
 author = {Li, Yinan and Patel, Jignesh M.},
 title = {BitWeaving: Fast Scans for Main Memory Data Processing},
 booktitle = {Proceedings of the 2013 ACM SIGMOD International Conference on Management of Data},
 series = {SIGMOD '13},
 year = {2013},
 isbn = {978-1-4503-2037-5},
 location = {New York, New York, USA},
 pages = {289--300},
 doi = {10.1145/2463676.2465322},
} 

@Manual{IntelManual2016,
  title = {Intel Architecture Instruction Set Extensions Programming Reference},
  month = dec,
  year  = {2016},
  url   = {https://software.intel.com/sites/default/files/managed/c5/15/architecture-instruction-set-extensions-programming-reference.pdf},
}


@Manual{IntelManual2011,
  author = {Chris Lomont},
  title = {Introduction to Intel Advanced Vector Extensions},
  month = may,
  year  = {2011},
  url   = {https://software.intel.com/sites/default/files/m/d/4/1/d/8/Intro_to_Intel_AVX.pdf},
}

@article{Wu:2006:OBI:1132863.1132864,
 author = {Wu, Kesheng and Otoo, Ekow J. and Shoshani, Arie},
 title = {Optimizing Bitmap Indices with Efficient Compression},
 journal = {ACM Trans. Database Syst.},
 issue_date = {March 2006},
 volume = {31},
 number = {1},
 month = mar,
 year = {2006},
 issn = {0362-5915},
 pages = {1--38},
 url = {http://doi.acm.org/10.1145/1132863.1132864},
 doi = {10.1145/1132863.1132864},
 address = {New York, NY, USA},
} 

@inproceedings{DBLP:conf/sigmod/LangMFB0K16,
  author    = {Harald Lang and
               Tobias M{\"{u}}hlbauer and
               Florian Funke and
               Peter A. Boncz and
               Thomas Neumann and
               Alfons Kemper},
  title     = {Data Blocks: Hybrid {OLTP} and {OLAP} on Compressed Storage using
               both Vectorization and Compilation},
  booktitle = {Proceedings of the 2016 International Conference on Management of
               Data, {SIGMOD} Conference 2016, San Francisco, CA, USA, June 26 -
               July 01, 2016},
  pages     = {311--326},
  year      = {2016},
  url       = {http://doi.acm.org/10.1145/2882903.2882925},
  doi       = {10.1145/2882903.2882925},
  timestamp = {Sat, 18 Jun 2016 14:32:22 +0200},
  biburl    = {http://dblp.uni-trier.de/rec/bib/conf/sigmod/LangMFB0K16},
  bibsource = {dblp computer science bibliography, http://dblp.org}
}



@article{DBLP:journals/pvldb/KimSCKNBLSD09,
  author    = {Changkyu Kim and
               Eric Sedlar and
               Jatin Chhugani and
               Tim Kaldewey and
               Anthony D. Nguyen and
               Andrea Di Blas and
               Victor W. Lee and
               Nadathur Satish and
               Pradeep Dubey},
  title     = {Sort vs. Hash Revisited: Fast Join Implementation on Modern Multi-Core
               CPUs},
  journal   = {{PVLDB}},
  volume    = {2},
  number    = {2},
  pages     = {1378--1389},
  year      = {2009},
  url       = {http://www.vldb.org/pvldb/2/vldb09-257.pdf},
  timestamp = {Wed, 02 Sep 2009 09:21:18 +0200},
  biburl    = {http://dblp.uni-trier.de/rec/bib/journals/pvldb/KimSCKNBLSD09},
  bibsource = {dblp computer science bibliography, http://dblp.org}
}


@inproceedings{DBLP:conf/sigmod/ZhouR02,
  author    = {Jingren Zhou and
               Kenneth A. Ross},
  title     = {Implementing database operations using {SIMD} instructions},
  booktitle = {Proceedings of the 2002 {ACM} {SIGMOD} International Conference on
               Management of Data, Madison, Wisconsin, June 3-6, 2002},
  pages     = {145--156},
  year      = {2002},
  url       = {http://doi.acm.org/10.1145/564691.564709},
  doi       = {10.1145/564691.564709},
  timestamp = {Thu, 06 Feb 2003 11:02:35 +0100},
  biburl    = {http://dblp.uni-trier.de/rec/bib/conf/sigmod/ZhouR02},
  bibsource = {dblp computer science bibliography, http://dblp.org}
}